@inbook{Varcholik_Barber_Nicholson_2008, title={Interactions and Training with Unmanned Systems and the Nintendo Wiimote}, volume={2008}, url={http://ntsa.metapress.com/index/M203H378M170K742.pdf}, number={8255}, booktitle={Proceedings of the InterserviceIndustry Training Simulation and Education Conference}, publisher={NTSA}, author={Varcholik, Paul and Barber, Daniel and Nicholson, Denise}, pages={1--9}}